@book{ransom2001one,
  title={One kind of freedom: The economic consequences of emancipation},
  author={Ransom, Roger L and Sutch, Richard},
  year={2001},
  publisher={Cambridge University Press}
}

@phdthesis{rodriguescinzas,
  title={Sobre as cinzas do cativeiro: educa{\c{c}}{\~a}o, trabalho e terra entre ex-escravos e descendentes ap{\'o}s a aboli{\c{c}}{\~a}o no oeste paulista},
  author={Rodrigues, Lucas Cavalcanti},
  school={Universidade de S{\~a}o Paulo}
}

@article{soares2000perfil,
  title={Perfil da discrimina{\c{c}}{\~a}o no mercado de trabalho: homens negros, mulheres brancas e mulheres negras},
  author={Soares, Sergei Suarez Dillon},
  year={2000},
  publisher={Instituto de Pesquisa Econ{\^o}mica Aplicada (ipea)}
}


